@book{Clarke2013,
  doi = {10.1007/978-1-4471-4820-3},
  url = {https://doi.org/10.1007/978-1-4471-4820-3},
  year = {2013},
  publisher = {Springer London},
  author = {Francis Clarke},
  title = {Functional Analysis, Calculus of Variations and Optimal Control}
}

@book{Phelps1993,
  author = {Robert Phelps},
  title = {Convex functions, monotone operators, and differentiability},
  publisher = {Springer-Verlag},
  year = {1993},
  isbn = {0387567151}
}

@book{Ioffe1974,
  title={Теория экстремальных задач},
  author={Александр Давидович Йоффе and Владимир Михайлович Тихомиров},
  series={Нелинейный анализ и его приложения},
  year={1974},
  publisher={Наука}
}

@book{Kernighan1988,
  author = {Brien Kernighan, Denis Richie},
  title = {The C programming language},
  publisher = {Prentice Hall},
  year = {1988},
  address = {Englewood Cliffs, N.J},
  isbn = {0131103628}
}

@book{Deimling1985,
  author = {Klaus Deimling},
  title = {Nonlinear functional analysis},
  publisher = {Springer-Verlag},
  year = {1985},
  isbn = {0387139281}
}

@book{Dontchev2014,
  doi = {10.1007/978-1-4939-1037-3},
  url = {https://doi.org/10.1007%2F978-1-4939-1037-3},
  year = 2014,
  publisher = {Springer New York},
  author = {Asen L. Dontchev and R. Tyrrell Rockafellar},
  title = {Implicit Functions and Solution Mappings}
}

@book{Leinster2014,
  title = {Basic Category Theory},
  author = {Tom Leinster},
  year = {2014},
  url = {https://arxiv.org/abs/1612.09375}
}

@book{MacLane1994,
  title = {S. Mac Lane - Categories for the Working Mathematician},
  edition = {6},
  author = {Saunders Mac Lane},
  isbn = {9780387900353},
  year = {1994},
  publisher = {Springer-Verlag}
}

@book{Kelley1955,
  title = {General Topology},
  author = {John L. Kelley},
  year = {1955}
}

@book{Knapp2016BAlg,
  title = {Basic Algebra (Digital Second Edition)},
  author = {Anthony Knapp},
  year = {2016},
  url = {http://www.math.stonybrook.edu/~aknapp/}
}

@online{nLab:enriched_category,
  author = {{nLab authors}},
  title = {enriched category},
  url = {http://ncatlab.org/nlab/revision/enriched+category/93},
  revision = {93},
  date = {2020-04-16}
}

@online{nLab:split_exact_sequence,
  author = {{nLab authors}},
  title = {split exact sequence},
  url = {https://ncatlab.org/nlab/revision/split+exact+sequence/16},
  revision = {16},
  date = {2015-12-20}
}

@online{nLab:top,
  author = {{nLab authors}},
  title = {Top},
  url = {https://ncatlab.org/nlab/revision/Top/42},
  revision = {42},
  date = {2020-06-06}
}

@online{nLab:thin_category,
  author = {{nLab authors}},
  title = {thin category},
  url = {https://ncatlab.org/nlab/revision/thin+category/8},
  revision = {8},
  date = {2020-07-01}
}

@online{nLab:distributive_lattice,
  author = {{nLab authors}},
  title = {distributive lattice},
  url = {https://ncatlab.org/nlab/revision/distributive+lattice/22},
  revision = {22},
  date = {2020-03-20}
}

@online{nLab:boolean_algebra,
  author = {{nLab authors}},
  title = {Boolean algebra},
  url = {https://ncatlab.org/nlab/revision/Boolean+algebra/21},
  revision = {21},
  date = {2016-08-28}
}

@online{Lectures:logic_programming,
    author = {Тинко Тинчев (лекции) and Янис Василев (записки)},
    title = {Записки от лекции и упражнения по логическо програмиране},
    year = {2019},
    url = {https://ivasilev.net/ФМИ/ЛП/}
}

@online{Lectures:general_topology,
    author = {Георги Димов (лекции) and Янис Василев (записки)},
    title = {Записки от лекции и упражнения по обща топология},
    year = {2020},
    url = {https://ivasilev.net/ФМИ/ОТ/}
}

@online{Exercises:general_topology,
    author = {Елза Иванова - Димова (упражнения) and Янис Василев (записки)},
    title = {Записки от лекции и упражнения по обща топология},
    year = {2020},
    url = {https://ivasilev.net/ФМИ/ОТ/}
}

@article{Carlsson2009,
  doi = {10.1090/s0273-0979-09-01249-x},
  url = {https://doi.org/10.1090%2Fs0273-0979-09-01249-x},
  date = {2009-01-29},
  publisher = {American Mathematical Society ({AMS})},
  volume = {46},
  number = {2},
  pages = {255--308},
  author = {Gunnar Carlsson},
  title = {Topology and data},
  journal = {Bulletin of the American Mathematical Society}
}

