@online{Tilly2010,
  title={Analysis vs Algebra predicts eating corn?},
  author={Ben Tilly},
  url={https://web.archive.org/web/20201112030957/http://bentilly.blogspot.com/2010/08/analysis-vs-algebra-predicts-eating.html},
  date={2010-08-19}
}

@article{Pelletier1990,
  author = "Pelletier, Francis Jeffry and Martin, Norman M.",
  doi = "10.1305/ndjfl/1093635508",
  fjournal = "Notre Dame Journal of Formal Logic",
  journal = "Notre Dame J. Formal Logic",
  month = "06",
  number = "3",
  pages = "462--475",
  publisher = "Duke University Press",
  title = "Post's functional completeness theorem.",
  url = "https://doi.org/10.1305/ndjfl/1093635508",
  volume = "31",
  year = "1990"
}
