@book{Clarke2013,
  doi = {10.1007/978-1-4471-4820-3},
  url = {https://doi.org/10.1007/978-1-4471-4820-3},
  year = {2013},
  publisher = {Springer London},
  author = {Francis Clarke},
  title = {Functional Analysis, Calculus of Variations and Optimal Control}
}

@book{Phelps1993,
  author = {Robert Phelps},
  title = {Convex functions, monotone operators, and differentiability},
  publisher = {Springer-Verlag},
  year = {1993},
  isbn = {0387567151}
}

@book{Ioffe1974,
  title={Теория экстремальных задач},
  author={Александр Давидович Йоффе and Владимир Михайлович Тихомиров},
  series={Нелинейный анализ и его приложения},
  year={1974},
  publisher={Наука},
  langid={russian}
}

@book{Kernighan1988,
  author = {Brien Kernighan, Denis Richie},
  title = {The C programming language},
  publisher = {Prentice Hall},
  year = {1988},
  address = {Englewood Cliffs, N.J},
  isbn = {0131103628}
}

@book{Deimling1985,
  author = {Klaus Deimling},
  title = {Nonlinear functional analysis},
  publisher = {Springer-Verlag},
  year = {1985},
  isbn = {0387139281}
}

@book{Dontchev2014,
  doi = {10.1007/978-1-4939-1037-3},
  url = {https://doi.org/10.1007%2F978-1-4939-1037-3},
  year = 2014,
  publisher = {Springer New York},
  author = {Asen L. Dontchev and R. Tyrrell Rockafellar},
  title = {Implicit Functions and Solution Mappings}
}

@book{Leinster2014,
  title = {Basic Category Theory},
  author = {Tom Leinster},
  year = {2014},
  url = {https://arxiv.org/abs/1612.09375}
}

@book{MacLane1994,
  title = {S. Mac Lane - Categories for the Working Mathematician},
  edition = {6},
  author = {Saunders Mac Lane},
  isbn = {9780387900353},
  year = {1994},
  publisher = {Springer-Verlag}
}

@book{Kelley1955,
  title = {General Topology},
  author = {John L. Kelley},
  year = {1955}
}

@book{Knapp2016BAlg,
  title = {Basic Algebra},
  edition = {Digital Second Edition},
  author = {Anthony Knapp},
  year = {2016},
  url = {http://www.math.stonybrook.edu/~aknapp/}
}

@book{Kocev2016,
  title = {Комутативна алгебра},
  edition = {2},
  author = {Борис Коцев and Пламен Сидеров},
  year = {2016},
  isbn = {9789548857383},
  langid = {bulgarian}
}

@book{Engelking1989,
  title = {General topology},
  author = {Ryszard Engelking},
  isbn = {9783885380061},
  year = {1989},
  publisher = {Heldermann}
}

@book{Enderton1977,
  title = {Elements of Set Theory},
  author = {Herbert B. Enderton},
  isbn = {9780122384400},
  year = {1977},
  publisher = {Academic Press}
}

@book{Sipser2013,
  title = {Introduction to the Theory of Computation},
  author = {Michael Sipser},
  isbn = {9781133187790},
  year = {2013},
  publisher = {Cengage Learning}
}

@book{Gondran1984,
  title = {Graphs and Algorithms},
  author = {Michel Gondran, Michel Minoux},
  isbn = {9780471103745},
  year = {1984},
  publisher = {Wiley}
}

@book{Erickson2019,
  title = {Algorithms},
  author = {Jeff Erickson},
  year = {2019},
  url = {http://jeffe.cs.illinois.edu/teaching/algorithms/book/Algorithms-JeffE.pdf}
}

@book{Aluffi2009,
  title = {Algebra},
  author = {Paolo Aluffi},
  isbn = {9780821847817},
  year = {2009},
  publisher = {American Mathematical Society}
}

@book{Rudin1991,
 title = {Functional Analysis},
  author = {Walter Rudin},
  isbn = {9780071009447},
  year = {1991},
  publisher = {McGraw-Hill}
}

@book{OpenLogic20201202,
  title = {The Open Logic Text},
  author = {Various Authors},
  date = {2020-12-02},
  url = {openlogicproject.org}
}
i
