@online{Lectures:logic_programming,
    author = {Тинко Тинчев (лекции) and Янис Василев (записки)},
    title = {Записки от лекции и упражнения по логическо програмиране},
    year = {2019},
    url = {https://ivasilev.net/ФМИ/ЛП/}
}

@online{Lectures:general_topology,
    author = {Георги Димов (лекции) and Янис Василев (записки)},
    title = {Записки от лекции и упражнения по обща топология},
    year = {2020},
    url = {https://ivasilev.net/ФМИ/ОТ/}
}

@online{Exercises:general_topology,
    author = {Елза Иванова - Димова (упражнения) and Янис Василев (записки)},
    title = {Записки от лекции и упражнения по обща топология},
    year = {2020},
    url = {https://ivasilev.net/ФМИ/ОТ/}
}
