@online{MathCounterExamples:noncomplete_normed_space,
  author = {Jean-Pierre Merx},
  title = {A non complete normed vector space},
  url = {https://www.mathcounterexamples.net/non-complete-normed-vector-space/},
  date = {2017-03-12}
}
