@online{ProofWiki:bases_of_free_module_have_same_cardinality,
  author = {{ProofWiki authors}},
  title = {Bases of Free Module have Equal Cardinality},
  url = {https://proofwiki.org/w/index.php?title=Bases_of_Free_Module_have_Equal_Cardinality&oldid=308919},
  date = {2017-08-04}
}
@online{ProofWiki:polynomials_in_integers_is_not_principal_ideal_domain,
  author = {{ProofWiki authors}},
  title = {Polynomials in Integers is not Principal Ideal Domain},
  url = {https://proofwiki.org/w/index.php?title=Polynomials_in_Integers_is_not_Principal_Ideal_Domain&oldid=401272},
  date = {2019-04-18}
}

@online{MathSE:every_group_is_the_quotient_of_a_free_group_by_a_normal_subgroup,
  author = {Zach Conn},
  title = {Every group is the quotient of a free group by a normal subgroup},
  url = {https://math.stackexchange.com/revisions/9462/2},
  date = {2010-11-08},
  revision = {2}
}

@online{StanfordPlato:category_theory,
  author = {Marquis, Jean-Pierre},
  title = {Category Theory},
  url = {https://plato.stanford.edu/archives/fall2019/entries/category-theory/},
  date = {2019-08-29}
}
