@online{nLab:enriched_category,
  author = {{nLab authors}},
  title = {enriched category},
  url = {http://ncatlab.org/nlab/revision/enriched+category/93},
  revision = {93},
  date = {2020-04-16}
}

@online{nLab:split_exact_sequence,
  author = {{nLab authors}},
  title = {split exact sequence},
  url = {https://ncatlab.org/nlab/revision/split+exact+sequence/16},
  revision = {16},
  date = {2015-12-20}
}

@online{nLab:top,
  author = {{nLab authors}},
  title = {Top},
  url = {https://ncatlab.org/nlab/revision/Top/42},
  revision = {42},
  date = {2020-06-06}
}

@online{nLab:thin_category,
  author = {{nLab authors}},
  title = {thin category},
  url = {https://ncatlab.org/nlab/revision/thin+category/8},
  revision = {8},
  date = {2020-07-01}
}

@online{nLab:distributive_lattice,
  author = {{nLab authors}},
  title = {distributive lattice},
  url = {https://ncatlab.org/nlab/revision/distributive+lattice/22},
  revision = {22},
  date = {2020-03-20}
}

@online{nLab:boolean_algebra,
  author = {{nLab authors}},
  title = {Boolean algebra},
  url = {https://ncatlab.org/nlab/revision/Boolean+algebra/21},
  revision = {21},
  date = {2016-08-28}
}

@online{nLab:chain_complex,
  author = {{nLab authors}},
  title = {chain complex},
  url = {https://ncatlab.org/nlab/show/chain+complex/33},
  revision = {33},
  date = {2020-08-25}
}
