@article{Carlsson2009,
  doi = {10.1090/s0273-0979-09-01249-x},
  url = {https://doi.org/10.1090%2Fs0273-0979-09-01249-x},
  date = {2009-01-29},
  publisher = {American Mathematical Society ({AMS})},
  volume = {46},
  number = {2},
  pages = {255--308},
  author = {Gunnar Carlsson},
  title = {Topology and data},
  journal = {Bulletin of the American Mathematical Society}
}

@book{Peano1889,
  title={Arithmetices Principia: Nova Methodo},
  author={Giuseppe Peano},
  series={Nineteenth Century Collections Online (NCCO): Science, Technology, and Medicine: 1780-1925},
  url={https://books.google.bg/books?id=z80GAAAAYAAJ},
  year={1889},
  publisher={Fratres Bocca}
}

@book{Anderson1986,
  title={An existence theorem for non-euclidean PID's},
  author={D. D. Anderson},
  journal={Communications in Algebra},
  doi={10.1080/00927878808823628},
  url={https://doi.org/10.1080/00927878808823628},
  year={1986}
}
