@online{ProofWiki:bases_of_free_module_have_same_cardinality,
  author = {{ProofWiki authors}},
  title = {Bases of Free Module have Equal Cardinality},
  url = {https://proofwiki.org/w/index.php?title=Bases_of_Free_Module_have_Equal_Cardinality&oldid=308919},
  date = {2017-08-04}
}

@online{ProofWiki:polynomials_in_integers_is_not_principal_ideal_domain,
  author = {{ProofWiki authors}},
  title = {Polynomials in Integers is not Principal Ideal Domain},
  url = {https://proofwiki.org/w/index.php?title=Polynomials_in_Integers_is_not_Principal_Ideal_Domain&oldid=401272},
  date = {2019-04-18}
}

@online{ProofWiki:locally_uniform_convergence,
  author = {{ProofWiki authors}},
  title = {Locally Uniform Convergence},
  url = {https://proofwiki.org/w/index.php?title=Definition:Locally_Uniform_Convergence&oldid=321666},
  date = {2017-10-20}
}

@online{ProofWiki:compact_convergence,
  author = {{ProofWiki authors}},
  title = {Compact Convergence},
  url = {https://proofwiki.org/w/index.php?title=Definition:Compact_Convergence&oldid=316693},
  date = {2017-09-09}
}
