@book{Clarke2013,
  doi = {10.1007/978-1-4471-4820-3},
  url = {https://doi.org/10.1007/978-1-4471-4820-3},
  year = {2013},
  publisher = {Springer London},
  author = {Francis Clarke},
  title = {Functional Analysis,  Calculus of Variations and Optimal Control}
}

@Book{Phelps1993,
   author = {Phelps, Robert},
   title = {Convex functions, monotone operators, and differentiability},
   publisher = {Springer-Verlag},
   year = {1993},
   address = {Berlin New York},
   isbn = {0387567151}
 }
